<collection xmlns="http://www.loc.gov/MARC21/slim">
<record>
  <leader>01822nam0a22003251i 450 </leader>
  <controlfield tag="001">IT\ICCU\CNCE\063982</controlfield>
  <controlfield tag="005">20060207000000.0</controlfield>
  <datafield tag="100" ind1=" " ind2=" ">
    <subfield code="a">20060202d1581        0itac0103    ba</subfield>
  </datafield>
  <datafield tag="101" ind1=" " ind2=" ">
    <subfield code="a">ITA</subfield>
  </datafield>
  <datafield tag="102" ind1=" " ind2=" ">
    <subfield code="a">IT</subfield>
  </datafield>
  <datafield tag="200" ind1="1" ind2=" ">
    <subfield code="a">Croniche de gli ordini instituiti dal p. s. Francesco, che contengono la sua vita la sua morte, i suoi miracoli, e di tutti i suoi santi discepoli, &amp; compagni, composte prima dal r.p.f. Marco da Lisbona in lingua portughese: poi ridotte in castigliana dal </subfield>
  </datafield>
  <datafield tag="210" ind1=" " ind2=" ">
    <subfield code="a">In Parma</subfield>
    <subfield code="c">nella stamperia di Erasmo Viotti</subfield>
    <subfield code="d">1581</subfield>
  </datafield>
  <datafield tag="215" ind1=" " ind2=" ">
    <subfield code="a">2 v.</subfield>
    <subfield code="d"></subfield>
  </datafield>
  <datafield tag="300" ind1=" " ind2=" ">
    <subfield code="a">ANNULLATA  !!!!  vedi 38924((Marca sui front. - Testo inquadrato. - Iniz. xil</subfield>
  </datafield>
  <datafield tag="620" ind1=" " ind2=" ">
    <subfield code="a">IT</subfield>
    <subfield code="d">Parma</subfield>
  </datafield>
  <datafield tag="700" ind1=" " ind2="0">
    <subfield code="a">Marcos</subfield>
    <subfield code="c"> : de#Lisboa</subfield>
    <subfield code="3">IT\ICCU\CNCA\006826</subfield>
  </datafield>
  <datafield tag="702" ind1=" " ind2="1">
    <subfield code="a">Diola,</subfield>
    <subfield code="b">Orazio</subfield>
    <subfield code="3">IT\ICCU\CNCA\008448</subfield>
  </datafield>
  <datafield tag="712" ind1="0" ind2="0">
    <subfield code="a">Viotti, Erasmo</subfield>
    <subfield code="3">IT\ICCU\CNCT\000264</subfield>
    <subfield code="4">650</subfield>
  </datafield>
  <datafield tag="790" ind1=" " ind2="0">
    <subfield code="a">Marco</subfield>
    <subfield code="c"> : da#Lisbona</subfield>
    <subfield code="3">IT\ICCU\CNCA\020921</subfield>
    <subfield code="z">Marcos : de#Lisboa</subfield>
  </datafield>
  <datafield tag="790" ind1=" " ind2="1">
    <subfield code="a">Lisboa,</subfield>
    <subfield code="b">Marcos : de</subfield>
    <subfield code="3">IT\ICCU\CNCA\026052</subfield>
    <subfield code="z">Marcos : de#Lisboa</subfield>
  </datafield>
  <datafield tag="790" ind1=" " ind2="1">
    <subfield code="a">Silva,</subfield>
    <subfield code="b">Marcos : da</subfield>
    <subfield code="3">IT\ICCU\CNCA\026433</subfield>
    <subfield code="z">Marcos : de#Lisboa</subfield>
  </datafield>
  <datafield tag="791" ind1="0" ind2="0">
    <subfield code="a">Viothus, Erasmus</subfield>
    <subfield code="3">IT\ICCU\CNCT\004167</subfield>
    <subfield code="z">Viotti, Erasmo</subfield>
  </datafield>
  <datafield tag="791" ind1="0" ind2="0">
    <subfield code="a">Vioto, Erasmo</subfield>
    <subfield code="3">IT\ICCU\CNCT\005893</subfield>
    <subfield code="z">Viotti, Erasmo</subfield>
  </datafield>
  <datafield tag="791" ind1="0" ind2="0">
    <subfield code="a">Viotus, Erasmus</subfield>
    <subfield code="3">IT\ICCU\CNCT\005894</subfield>
    <subfield code="z">Viotti, Erasmo</subfield>
  </datafield>
  <datafield tag="791" ind1="0" ind2="0">
    <subfield code="a">Viottus, Erasmus</subfield>
    <subfield code="3">IT\ICCU\CNCT\005895</subfield>
    <subfield code="z">Viotti, Erasmo</subfield>
  </datafield>
  <datafield tag="791" ind1="0" ind2="0">
    <subfield code="a">Viotto, Erasmo</subfield>
    <subfield code="3">IT\ICCU\CNCT\005896</subfield>
    <subfield code="z">Viotti, Erasmo</subfield>
  </datafield>
  <datafield tag="801" ind1=" " ind2="3">
    <subfield code="a">IT</subfield>
    <subfield code="b">ICCU</subfield>
    <subfield code="c">20201115</subfield>
  </datafield>
  <datafield tag="899" ind1=" " ind2=" ">
    <subfield code="a">Biblioteca del Seminario vescovile. Asti</subfield>
    <subfield code="1">AT0005</subfield>
    <subfield code="2">TO0 45</subfield>
  </datafield>
  <datafield tag="899" ind1=" " ind2=" ">
    <subfield code="a">Biblioteca Estense Universitaria. Modena</subfield>
    <subfield code="1">MO0089</subfield>
    <subfield code="2">MOD BE</subfield>
  </datafield>
  <datafield tag="899" ind1=" " ind2=" ">
    <subfield code="a">Biblioteca comunale. Citerna</subfield>
    <subfield code="1">PG0028</subfield>
    <subfield code="2">UM1 67</subfield>
  </datafield>
</record>
</collection>
